% ------------------------------------------------------------------------
% BIBLIOGRAPHY
% ------------------------------------------------------------------------

@article{dropout,
	author = {Nitish Srivastava and Geoffrey Hinton and Alex Krizhevsky and Ilya Sutskever and Ruslan Salakhtudinov},
	journal = {Journal of Machine Learning Research},
	number = {15},
	pages = {1929-1958},
	title = {{Dropout:  A Simple Way to Prevent Neural Networks from Overfitting}},
	year = {2014},
}
