% ------------------------------------------------------------------------
% BIBLIOGRAPHY
% ------------------------------------------------------------------------
@article{Christofides2022,
  title   = {Worst-Case Analysis of a New Heuristic for the Travelling Salesman Problem},
  author  = {Nicos Christofides},
  journal = {Operations Research Forum},
  year    = {2022}
}
@inbook{Korte2008,
  title     = {The Traveling Salesman Problem},
  booktitle = {Combinatorial Optimization: Theory and Algorithms},
  year      = {2008},
  publisher = {Springer Berlin Heidelberg},
  address   = {Berlin, Heidelberg},
  pages     = {527--562},
  isbn      = {978-3-540-71844-4},
  doi       = {10.1007/978-3-540-71844-4_21},
  url       = {https://doi.org/10.1007/978-3-540-71844-4_21}
}


@article{cortes1995,
  title     = {Support-vector networks},
  author    = {Cortes, Corinna and Vapnik, Vladimir},
  journal   = {Machine learning},
  volume    = {20},
  number    = {3},
  pages     = {273--297},
  year      = {1995},
  publisher = {Springer}
}
@article{graphSLAM2006,
  title   = {The Graph SLAM Algorithm with Applications to Large-Scale Mapping of Urban Structures},
  author  = {Sebastian Thrun and Michael Montemerlo},
  journal = {The International Journal of Robotics Research},
  year    = {2006},
  volume  = {25},
  pages   = {403 - 429}
}
@inproceedings{EKFSLAM1986,
  author  = {Smith, Randall and Self, Matthew and Cheeseman, Peter},
  year    = {1986},
  month   = {01},
  pages   = {435-461},
  title   = {Estimating Uncertain Spatial Relationships in Robotics},
  volume  = {1},
  isbn    = {9780444703965},
  journal = {Autonomous Robot Vehicles},
  doi     = {10.1109/ROBOT.1987.1087846}
}
@article{Lecun1998,
  author  = {Lecun, Y. and Bottou, L. and Bengio, Y. and Haffner, P.},
  journal = {Proceedings of the IEEE},
  title   = {Gradient-based learning applied to document recognition},
  year    = {1998},
  volume  = {86},
  number  = {11},
  pages   = {2278-2324},
  doi     = {10.1109/5.726791}
}
@article{Alex2012,
  author  = {Krizhevsky, Alex and Sutskever, Ilya and Hinton, Geoffrey},
  year    = {2012},
  month   = {01},
  pages   = {},
  title   = {ImageNet Classification with Deep Convolutional Neural Networks},
  volume  = {25},
  journal = {Neural Information Processing Systems},
  doi     = {10.1145/3065386}
}
@article{Sola1997,
  author  = {Sola, J. and Sevilla, J.},
  journal = {IEEE Transactions on Nuclear Science},
  title   = {Importance of input data normalization for the application of neural networks to complex industrial problems},
  year    = {1997},
  volume  = {44},
  number  = {3},
  pages   = {1464-1468},
  doi     = {10.1109/23.589532}
}
@inproceedings{Jangda2019,
  author    = {Abhinav Jangda and Bobby Powers and Emery D. Berger and Arjun Guha},
  title     = {Not So Fast: Analyzing the Performance of {WebAssembly} vs. Native Code},
  booktitle = {2019 USENIX Annual Technical Conference (USENIX ATC 19)},
  year      = {2019},
  isbn      = {978-1-939133-03-8},
  address   = {Renton, WA},
  pages     = {107--120},
  url       = {https://www.usenix.org/conference/atc19/presentation/jangda},
  publisher = {USENIX Association},
  month     = jul
}
@misc{pyodide2021,
  title   = {Performance of Python code},
  journal = {GitHub Issue},
  number  = {1120},
  year    = {2021},
  url     = {https://github.com/pyodide/pyodide/issues/1120},
  author  = {Roman Yurchak}
}

@inproceedings{FastSLAM2002,
  author  = {Montemerlo, Michael and Thrun, Sebastian and Koller, Daphne and Wegbreit, Ben},
  year    = {2002},
  month   = {11},
  pages   = {},
  title   = {FastSLAM: A Factored Solution to the Simultaneous Localization and Mapping Problem},
  journal = {Proceedings of the National Conference on Artificial Intelligence}
}
@inproceedings{Lapedes1988,
  author    = {Lapedes, Alan and Farber, Robert},
  booktitle = {Neural Information Processing Systems},
  editor    = {D. Anderson},
  pages     = {},
  publisher = {American Institute of Physics},
  title     = {How Neural Nets Work},
  url       = {https://proceedings.neurips.cc/paper/1987/file/093f65e080a295f8076b1c5722a46aa2-Paper.pdf},
  year      = {1988}
}
@inproceedings{Singandhupe2019,
  author    = {Singandhupe, Ashutosh and La, Hung Manh},
  booktitle = {2019 Third IEEE International Conference on Robotic Computing (IRC)},
  title     = {A Review of SLAM Techniques and Security in Autonomous Driving},
  year      = {2019},
  volume    = {},
  number    = {},
  pages     = {602-607},
  doi       = {10.1109/IRC.2019.00122}
}

@article{Foxall91,
  title   = {Innovation in Grand Prix motor racing: the evolution of technology, organization and strategy},
  journal = {Technovation},
  volume  = {11},
  number  = {7},
  pages   = {387-402},
  year    = {1991},
  issn    = {0166-4972},
  doi     = {https://doi.org/10.1016/0166-4972(91)90020-5},
  url     = {https://www.sciencedirect.com/science/article/pii/0166497291900205},
  author  = {Gordon R. Foxall and Brian R. Johnston}
}
@article{Lutin2018,
  author  = {Jerome M Lutin},
  title   = {Not If, but When: Autonomous Driving and the Future of Transit},
  year    = 2018,
  journal = {Journal of Public Transportatio},
  volume  = {21 (1)},
  doi     = {10.5038/2375-0901.21.1.10},
  url     = {https://digitalcommons.usf.edu/jpt/vol21/iss1/10}
}
@article{pyodide,
  author    = {The Pyodide development team},
  title     = {pyodide/pyodide},
  month     = aug,
  year      = 2021,
  publisher = {Zenodo},
  version   = {0.19.0},
  doi       = {10.5281/zenodo.5156931},
  url       = {https://doi.org/10.5281/zenodo.5156931}
}
@article{DewingNowTI,
  title   = {Now This is Podracing-Driving with Neural Networks},
  year    = {2016},
  author  = {A. Dewing},
  journal = {Stanford CS231n Reports},
  url     = {http://cs231n.stanford.edu/reports/2016/pdfs/100_Report.pdf}
}

@url{CurvatureDefinition,
  title = {Definition of Curvature},
  year  = 2016,
  url   = {https://tutorial.math.lamar.edu/classes/calciii/curvature.aspx},
  note  = {accessed on 07.01.2022}
}

@article{dziubinski_2019,
  title   = {Training a neural network for driving an autonomous RC car},
  url     = {https://medium.com/asap-report/training-a-neural-network-for-driving-an-autonomous-rc-car-3906db91f3e},
  journal = {medium},
  author  = {Dziubiński, Maciek},
  year    = {2019},
  month   = {Sep}
} 
@inproceedings{zeilinger2017,
  author    = {Zeilinger, Marcel and Hauk, Raphael and Bader, Markus and Hofmann, Alexander},
  year      = {2017},
  month     = {05},
  booktitle = {Proceedings of the OAGM and ARW Joint Workshop},
  address   = {Vienna},
  title     = {Design of an Autonomous Race Car for the Formula Student Driverless (FSD)}
}
@article{nekkah2020,
  author     = {Sherif Nekkah and
                Josua Janus and
                Mario Boxheimer and
                Lars Ohnemus and
                Stefan Hirsch and
                Benjamin Schmidt and
                Yuchen Liu and
                David Borb{\'{e}}ly and
                Florian Keck and
                Katharina Bachmann and
                Lukasz Bleszynski},
  title      = {The Autonomous Racing Software Stack of the KIT19d},
  journal    = {CoRR},
  volume     = {abs/2010.02828},
  year       = {2020},
  url        = {https://arxiv.org/abs/2010.02828},
  eprinttype = {arXiv},
  eprint     = {2010.02828}
}
@article{kabzan2019amz,
  author  = {Kabzan, Juraj and Valls, Miguel I. and Reijgwart, Victor J. F. and Hendrikx, Hubertus F. C. and Ehmke, Claas and Prajapat, Manish and Bühler, Andreas and Gosala, Nikhil and Gupta, Mehak and Sivanesan, Ramya and Dhall, Ankit and Chisari, Eugenio and Karnchanachari, Napat and Brits, Sonja and Dangel, Manuel and Sa, Inkyu and Dubé, Renaud and Gawel, Abel and Pfeiffer, Mark and Liniger, Alexander and Lygeros, John and Siegwart, Roland},
  title   = {AMZ Driverless: The full autonomous racing system},
  journal = {Journal of Field Robotics},
  volume  = {37},
  number  = {7},
  pages   = {1267-1294},
  doi     = {https://doi.org/10.1002/rob.21977},
  url     = {https://onlinelibrary.wiley.com/doi/abs/10.1002/rob.21977},
  year    = {2020}
}
@article{andresen2020,
  title     = {Accurate Mapping and Planning for Autonomous Racing},
  url       = {http://dx.doi.org/10.1109/IROS45743.2020.9341702},
  doi       = {10.1109/iros45743.2020.9341702},
  journal   = {2020 IEEE/RSJ International Conference on Intelligent Robots and Systems (IROS)},
  publisher = {IEEE},
  author    = {Andresen, Leiv and Brandemuehl, Adrian and Honger, Alex and Kuan, Benson and Vodisch, Niclas and Blum, Hermann and Reijgwart, Victor and Bernreiter, Lukas and Schaupp, Lukas and Chung, Jen Jen and et al.},
  year      = {2020},
  month     = {Oct}
}
@software{ros,
  author  = {{Stanford Artificial Intelligence Laboratory et al.}},
  title   = {Robotic Operating System},
  url     = {https://www.ros.org},
  version = {ROS Melodic Morenia},
  year    = {2018}
}
@article{georgiev2019,
  title   = {Path planning and control for
             an autonomous race car},
  author  = {Ignat Georgiev},
  journal = {Edinburgh UG4 Project Reports},
  year    = {2019},
  url     = {https://project-archive.inf.ed.ac.uk/ug4/20191552/ug4_proj.pdf}
}
@inproceedings{williams2016,
  author    = {Williams, Grady and Drews, Paul and Goldfain, Brian and Rehg, James M. and Theodorou, Evangelos A.},
  booktitle = {2016 IEEE International Conference on Robotics and Automation (ICRA)},
  title     = {Aggressive driving with model predictive path integral control},
  year      = {2016},
  volume    = {},
  number    = {},
  pages     = {1433-1440},
  doi       = {10.1109/ICRA.2016.7487277}
}

% ------------------------------------------------------------------------
% SAMPLE BIBLIOGRAPHY FILE
% ------------------------------------------------------------------------
@misc{cve-2008-1368,
  key          = {CVE-2008-1368},
  title        = {Publication quality tables in \LaTeX*},
  howpublished = {},
  institution  = {NIST},
  day          = 17,
  month        = {March},
  year         = 2008,
  note         = {[online] \url{http://nvd.nist.gov/nvd.cfm?cvename=CVE-2008-1368}},
  url          = {http://nvd.nist.gov/nvd.cfm?cvename=CVE-2008-1368}
}

@book{Aup91,
  author    = {B. Aupetit},
  title     = {A {Primer} on {Spectral} {Theory}},
  publisher = {Springer-Verlag},
  address   = {New York},
  year      = {1991}
}

@misc{prime-number-theorem,
  author = {Charles Louis Xavier Joseph de la Vall{\'e}e Poussin},
  note   = {A strong form of the prime number theorem, 19th century}
}

% ------------------------------------------------------------------------

@book{texbook,
  author    = {Donald E. Knuth},
  title     = {The {{\TeX}book}},
  publisher = {Addison-Wesley},
  year      = 1984
}

@book{latex,
  author    = {Leslie Lamport},
  title     = {{\LaTeX:} {A} Document Preparation System},
  publisher = {Addison-Wesley},
  year      = 1986
}

% ------------------------------------------------------------------------
@article{Ancey1996,
  author  = {Ancey, Christophe and Coussot, Philippe and Evesque, Pierre},
  journal = {Mechanics of Cohesive-frictional Materials},
  number  = {4},
  pages   = {385--403},
  title   = {Examination of the possibility of a fluid-mechanics treatment of dense granular flows},
  url     = {http://doi.wiley.com/10.1002/(SICI)1099-1484(199610)1:4<385::AID-CFM20>3.0.CO;2-0},
  volume  = {1},
  year    = {1996}
}

@book{RR73,
  author    = {H. Radjavi and P. Rosenthal},
  title     = {Invariant {Subspaces}},
  publisher = {Springer-Verlag},
  address   = {New York},
  year      = {1973}
}

@book{Dou72,
  author    = {R. G. Douglas},
  title     = {Banach {Algebra} {Techniques} in {Operator} {Theory}},
  publisher = {Academic Press},
  address   = {New York},
  year      = {1972}
}

@book{Hal82,
  author    = {P. R. Halmos},
  title     = {A {Hilbert} {Space} {Problem} {Book}},
  edition   = {Second},
  publisher = {Springer-Verlag},
  address   = {New York},
  year      = {1982}
}

@book{Rud73,
  author    = {W. Rudin},
  title     = {Functional {Analysis}},
  publisher = {McGraw-Hill},
  address   = {New York},
  year      = {1973}
}

@book{Con90,
  author    = {J. B. Conway},
  title     = {A {Course} in {Functional} {Analysis}},
  edition   = {Second},
  publisher = {Springer-Verlag},
  address   = {New York},
  year      = {1990}
}

@book{Con78,
  author    = {J. B. Conway},
  title     = {Functions of {One} {Complex} {Variable}},
  publisher = {Springer-Verlag},
  address   = {New York},
  year      = {1978}
}

@book{KR83,
  author    = {R. V. Kadison and J. R. Ringrose},
  title     = {Fundamentals of the {Theory} of {Operator} {Algebras},
               {Part} {I}},
  publisher = {Academic Press},
  address   = {New York},
  year      = {1983}
}

@book{KR86,
  author    = {R. V. Kadison and J. R. Ringrose},
  title     = {Fundamentals of the {Theory} of {Operator} {Algebras},
               {Part} {II}},
  publisher = {Academic Press},
  address   = {New York},
  year      = {1986}
}

@inbook{SFPT,
  author    = {N. Dunford and J. T. Schwartz},
  title     = {Linear {Operators},
               {Part} {I}: {General} {Theory}},
  pages     = {456},
  publisher = {Interscience},
  address   = {New York},
  year      = {1957}
}

@book{DS57,
  author    = {N. Dunford and J. T. Schwartz},
  title     = {Linear {Operators},
               {Part} {I}: {General} {Theory}},
  publisher = {Interscience},
  address   = {New York},
  year      = {1957}
}

@book{Gan59,
  author    = {F. R. Gantmacher},
  title     = {Applications of the {Theory} of {Matrices}},
  publisher = {Interscience},
  address   = {New York},
  year      = {1959}
}

@book{Pau86,
  author    = {Vern I. Paulsen},
  title     = {Completely bounded maps and dilations},
  series    = {Pitman Research Notes in Mathematics Series},
  volume    = {146},
  publisher = {Longman Scientific \& Technical},
  address   = {Harlow UK},
  year      = {1986}
}

@book{Dav88,
  author    = {Kenneth R. Davidson},
  title     = {Nest algebras},
  series    = {Pitman Research Notes in Mathematics Series},
  volume    = {191},
  publisher = {Longman Scientific \& Technical},
  address   = {Harlow UK},
  year      = {1988}
}

@book{Spi65,
  author    = {Michael Spivak},
  title     = {Calculus on {Manifolds}},
  publisher = {The Benjamin/Cummings Publishing Company},
  address   = {New York},
  year      = {1965}
}

@book{Dev68,
  author    = {Allen Devinaz},
  title     = {Advanced {Calculus}},
  publisher = {Holt, Rinehart and Winston},
  address   = {New York},
  year      = {1968}
}

@book{Gam90,
  editor    = {R. V. Gamkerlidze},
  title     = {Analysis {I}{I}: {Convex} {Analysis} and
               {Approximation} {Theory}},
  series    = {Encyclopaedia of Mathematical Sciences},
  volume    = {14},
  publisher = {Springer-Verlag},
  address   = {New York},
  year      = {1990}
}

@book{Hen93,
  author    = {Peter Henderson},
  title     = {Object-oriented specification and design with {C}$++$},
  publisher = {McGraw-Hill},
  address   = {London},
  year      = {1993}
}

% ------------------------------------------------------------------------

@article{Rea85,
  author  = {C. J. Read},
  title   = {A solution to the invariant subspace problem on the space $l_1$},
  journal = {Bull. London Math. Soc.},
  volume  = {17},
  year    = {1985},
  pages   = {305-317}
}

@article{Enf87,
  author  = {P. Enflo},
  title   = {On the invariant subspaces problem for {Banach} spaces},
  journal = {Acta. Math.},
  note    = {Seminare Maurey-Schwartz (1975-1976)},
  volume  = {158},
  year    = {1987},
  pages   = {213-313}
}

@article{Dau75,
  author  = {J. Daughtry},
  title   = {An invariant subspace theorem},
  journal = {Proc. Amer. Math. Soc.},
  volume  = {49},
  year    = {1975},
  pages   = {267-268}
}

@article{KPS75,
  author  = {H. W. Kim and C. Pearcy and A. L. Shields},
  title   = {Rank-One Commutators and Hyperinvariant Subspaces},
  journal = {Michigan Math. J.},
  volume  = {22},
  number  = {3},
  year    = {1975},
  pages   = {193-194}
}

% --------------------------------------------------------------------------

@article{Rad87,
  author  = {H. Radjavi},
  title   = {The {Engel}-{Jacobson} {Theorem} {Revisited}},
  journal = {J. Alg.},
  volume  = {111},
  year    = {1987},
  pages   = {427-430}
}

@article{MOR91,
  author  = {B. Mathes and M. Omladi\v{c} and H. Radjavi},
  title   = {Linear {Spaces} of {Nilpotent} {Operators}},
  journal = {Linear Algebra Appl.},
  volume  = {149},
  year    = {1991},
  pages   = {215-225}
}

@article{Lom73,
  author  = {V. I. Lomonosov},
  title   = {Invariant subspaces for operators commuting with compact
             operators},
  journal = {Functional Anal. Appl.},
  volume  = 7,
  year    = 1973,
  pages   = {213-214}
}

@article{Lom91,
  author  = {V. I. Lomonosov},
  title   = {An extension of {Burnside}'s theorem to infinite
             dimensional spaces},
  journal = {Israel J. Math},
  volume  = 75,
  year    = 1991,
  pages   = {329-339}
}

@article{Lom92,
  author  = {V. I. Lomonosov},
  title   = {On {Real} {Invariant} {Subspaces} of {Bounded} {Operators} with
             {Compact} {Imaginary} {Part}},
  journal = {Proc. Amer. Math. Soc.},
  volume  = 115,
  number  = 3,
  month   = jul,
  year    = 1992,
  pages   = {775-777}
}

@article{dB59,
  author  = {L. de Branges},
  title   = {The {Stone}-{Weierstrass} {Theorem}},
  journal = {Proc. Amer. Math. Soc.},
  volume  = 10,
  year    = 1959,
  pages   = {822-824}
}

@article{dB93,
  author  = {L. de Branges},
  title   = {A construction of invariant subspaces},
  journal = {Math. Nachr.},
  volume  = 163,
  year    = 1993,
  pages   = {163-175}
}

@article{AAB95,
  author  = {Y. A. Abramovich and C. D. Aliprantis and O. Burkinshaw},
  title   = {Another Characterization of the Invariant Subspace Problem},
  journal = {Operator Theory in Function Spaces and Banach Lattices.
             {\em The A.C.\,Zaanen Anniversary Volume},
             Operator Theory: Advances and Applications},
  volume  = {75},
  year    = {1995},
  pages   = {15-31},
  note    = {Birkh\"auser Verlag}
}

@article{LM65,
  author  = {Ju. I. Ljubi\v{c} and V. I. Macaev},
  title   = {On Operators with a Separable Spectrum},
  journal = {Amer. Math. Soc. Transl. (2)},
  volume  = {47},
  year    = {1965},
  pages   = {89-129}
}

% ------------------------------------------------------------------------

@mastersthesis{Sim90,
  author = {A. Simoni\v{c}},
  title  = {Grupe Operatorjev s Pozitivnim Spektrom},
  school = {Univerza v Ljubljani, FNT, Oddelek za Matematiko},
  year   = {1990}
}

@unpublished{Sim91,
  author = {A. Simoni\v{c}},
  title  = {Notes on {Subharmonic} {Functions}},
  note   = {Lecture Notes, Dalhousie University,
            Department of Mathematics, Statistics, \& Computing Science},
  year   = {1991}
}

@article{Sim92,
  author  = {A. Simoni\v{c}},
  title   = {Matrix {Groups} with {Positive} {Spectra}},
  journal = {Linear Algebra Appl.},
  volume  = {173},
  year    = {1992},
  pages   = {57-76}
}

@phdthesis{Sim94,
  author = {A. Simoni\v{c}},
  title  = {An {Extension} of {Lomonosov's} {Techniques} to {Non}-{Compact}
            {Operators}},
  school = {Dalhousie University,
            Department of Mathematics, Statistics, \& Computing Science},
  year   = {1994}
}

@article{Sim96a,
  author  = {A. Simoni\v{c}},
  title   = {A {Construction} of {Lomonosov} {Functions} and
             {Applications} to the {Invariant} {Subspace} {Problem}},
  journal = {Pacific J. Math.},
  volume  = {175},
  pages   = {257-270},
  year    = {1996}
}

@article{Sim96b,
  author  = {A. Simoni\v{c}},
  title   = {An extension of {Lomonosov's} {Techniques} to non-compact
             {Operators}},
  journal = {Trans. Amer. Math. Soc.},
  volume  = {348},
  pages   = {975-995},
  year    = {1996}
}

% ------------------------------------------------------------------------
